@article{Chi2005Freq,
author = {Chi, Yun and Muntz, Richard and Nijssen, Siegfried and N. Kok, Joost},
year = {2005},
month = {01},
pages = {161-198},
title = {Frequent Subtree Mining - An Overview},
volume = {66},
journal = {Fundam. Inform.}
}
@article{Agrawal1994fastalgorithms,
author = {Rakesh Agrawal and Ramakrishnan Srikant},
title = {Fast Algorithms for Mining Association Rules},
year = {1994},
journal = {Proceedings of the 20th International Conference on Very Large Data Bases}
}
@book{Goertzel2009PLN,
title = {Probabilistic Logic Networks},
subtitle = {A Comprehensive Framework for Uncertain Inference},
author = {Goertzel, Ben and Ikle, Matthew and Goertzel, Izabela Freire and Heljakka, Ari},
year = {2009},
publisher = {Springer US}
}
@article{Endres2003A,
author = {Endres, Dominik and Schindelin, Johannes},
year = {2003},
month = {08},
pages = {1858 - 1860},
title = {A new metric for probability distributions},
volume = {49},
journal = {Information Theory, IEEE Transactions on},
@Comment doi = {10.1109/TIT.2003.813506}
}
@article{Pienta2015AN,
author = {Robert Pienta and Zhiyuan Lin and Minsuk Kahng and Jilles Vreeken and Partha P. Talukdar and James Abello and Ganesh Parameswaran and Duen Horng (Polo) Chau},
title = {AdaptiveNav: Discovering Locally Interesting and Surprising Nodes in Large Graphs},
journal = {IEEE VIS Conference (Poster)},
year = {2015},
}
@article{DerezinskiRH18,
author = {Michal Derezinski and Khashayar Rohanimanesh and Aamer Hydrie},
title = {Discovering Surprising Documents with Context-Aware Word Representations},
journal = {Proceedings of the 23rd International Conference on Intelligent User Interfaces, {IUI} 2018, Tokyo, Japan, March 07-11, 2018},
pages = {31--35},
year = {2018}
}
@article{Jeffreys46Invariant,
   author = {{Jeffreys}, H.},
    title = "{An Invariant Form for the Prior Probability in Estimation Problems}",
  journal = {Proceedings of the Royal Society of London Series A},
     year = 1946,
   volume = 186,
    pages = {453-461},
  adsnote = {Provided by the SAO/NASA Astrophysics Data System}
}
